@string{cjfas = "Can. J. Fish. Aquat. Sci."}
@string{AnnStatist = {Ann. Statist.}}
