@article{thorson2012,
	Author = {J T Thorson AND T A Branch AND O P Jensen},
	Journal = cjfas,
	Pages = {645--655},
	Title = {Using model-based inference to evaluate global fisheries status from landings, location and life history data},
	Volume = {69},
	Year = {2012}}

@Manual{gbm2013,
  title = {gbm: Generalized Boosted Regression Models},
  author = {Greg Ridgeway},
  year = {2013},
  note = {R package version 2.1},
  url = {http://CRAN.R-project.org/package=gbm},
}
